
@misc{cp2k,

title = {CP2K Open Source Molecular Dynamics},
author = {CP2K developers group},
howpublished = {Available online at \texttt{http://www.cp2k.org/} (accessed May 3, 2017).},
year = {2017}
}

@article{gpw,
author = {Gerald Lippert and Jurg Hutter and Michele Parrinello},
title = {A hybrid Gaussian and plane wave density functional scheme},
journal = {Molecular Physics},
volume = {92},
number = {3},
pages = {477-488},
year = {1997},
doi = {10.1080/002689797170220},
URL = {http://www.tandfonline.com/doi/abs/10.1080/002689797170220},
eprint = {http://www.tandfonline.com/doi/pdf/10.1080/002689797170220}
}



@article{gth1,

title = {Separable dual-space Gaussian pseudopotentials},
author = {Goedecker, S. and Teter, M. and Hutter, J.},
journal = {Phys. Rev. B},
volume = {54},
issue = {3},
pages = {1703-1710},
year = {1996},
month = {Jul},
publisher = {American Physical Society},
doi = {10.1103/PhysRevB.54.1703},
url = {https://link.aps.org/doi/10.1103/PhysRevB.54.1703}
}


@article{gth2,

title = {Relativistic separable dual-space Gaussian pseudopotentials from H to Rn},
author = {Hartwigsen, C. and Goedecker, S. and Hutter, J.},
journal = {Phys. Rev. B},
volume = {58},
issue = {7},
pages = {3641-3662},
year = {1998},
month = {Aug},
publisher = {American Physical Society},
doi = {10.1103/PhysRevB.58.3641},
url = {https://link.aps.org/doi/10.1103/PhysRevB.58.3641}
}

@incollection{gaussian,

author = {Trygve Helgaker and Peter R. Taylor},
title = {Gaussian basis sets and molecular integrals},
booktitle = {Modern Electronic Structure Theory, Pt. II},
chapter = {12},
pages = {725-856},
doi = {10.1142/9789812832115_0001},
URL = {http://www.worldscientific.com/doi/abs/10.1142/9789812832115_0001},
eprint = {http://www.worldscientific.com/doi/pdf/10.1142/9789812832115_0001},
publisher = {World Scientific Publishing Company},
year = {2012}
}

@article{pol,

author = {Thom H. Dunning Jr.},
title = {Gaussian basis sets for use in correlated molecular calculations. I. The atoms boron through neon and hydrogen},
journal = {The Journal of Chemical Physics},
volume = {90},
number = {2},
pages = {1007-1023},
year = {1989},
doi = {10.1063/1.456153},
URL = {http://dx.doi.org/10.1063/1.456153},
eprint = {http://dx.doi.org/10.1063/1.456153}
}

@article{qs,

title = {Quickstep: Fast and accurate density functional calculations using a mixed Gaussian and plane waves approach},
journal = {Computer Physics Communications},
volume = {167},
number = {2},
pages = {103 - 128},
year = {2005},
issn = {0010-4655},
doi = {http://dx.doi.org/10.1016/j.cpc.2004.12.014},
url = {http://www.sciencedirect.com/science/article/pii/S0010465505000615},
author = {Joost VandeVondele and Matthias Krack and Fawzi Mohamed and Michele Parrinello and Thomas Chassaing and Jürg Hutter}
}

@article{pbe,
title = {Generalized Gradient Approximation Made Simple},
author = {Perdew, John P. and Burke, Kieron and Ernzerhof, Matthias},
journal = {Phys. Rev. Lett.},
volume = {77},
issue = {18},
pages = {3865-3868},
year = {1996},
month = {Oct},
publisher = {American Physical Society},
doi = {10.1103/PhysRevLett.77.3865},
url = {https://link.aps.org/doi/10.1103/PhysRevLett.77.3865}
}


@article{becke,
 
title = {Density-functional exchange-energy approximation with correct asymptotic behavior},
author = {Becke, A. D.},
journal = {Phys. Rev. A},
volume = {38},
issue = {6},
pages = {3098-3100},
year = {1988},
month = {Sep},
publisher = {American Physical Society},
doi = {10.1103/PhysRevA.38.3098},
url = {https://link.aps.org/doi/10.1103/PhysRevA.38.3098}
}

@article{lyp,
title = {Development of the Colle-Salvetti correlation-energy formula into a functional of the electron density},
author = {Lee, Chengteh and Yang, Weitao and Parr, Robert G.},
journal = {Phys. Rev. B},
volume = {37},
issue = {2},
pages = {785-789},
year = {1988},
month = {Jan},
publisher = {American Physical Society},
doi = {10.1103/PhysRevB.37.785},
url = {https://link.aps.org/doi/10.1103/PhysRevB.37.785}
}

@article{bfgs,
author = {Richard H. Byrd and Peihuang Lu and Jorge Nocedal and Ciyou Zhu},
title = {A Limited Memory Algorithm for Bound Constrained Optimization},
journal = {SIAM Journal on Scientific Computing},
volume = {16},
number = {5},
pages = {1190-1208},
year = {1995},
doi = {10.1137/0916069},
URL = {https://doi.org/10.1137/0916069},
eprint = {https://doi.org/10.1137/0916069}
}

@article{efficient,
author = {Khaliullin, Rustam Z. and VandeVondele, Joost and Hutter, Jürg},
title = {Efficient Linear-Scaling Density Functional Theory for Molecular Systems},
journal = {Journal of Chemical Theory and Computation},
volume = {9},
number = {10},
pages = {4421-4427},
year = {2013},
doi = {10.1021/ct400595k},
note ={PMID: 26589159},
URL = {http://dx.doi.org/10.1021/ct400595k},
eprint = {http://dx.doi.org/10.1021/ct400595k}
}

@article{xpt,

title = {The single excitation perturbation expansion theory based on the locally projected molecular orbitals for molecular interaction: Comparison with the counterpoise corrected energy},
journal = {Chemical Physics Letters},
volume = {431},
number = {1},
pages = {204 - 209},
year = {2006},
issn = {0009-2614},
doi = {http://dx.doi.org/10.1016/j.cplett.2006.09.064},
url = {http://www.sciencedirect.com/science/article/pii/S0009261406014229},
author = {Suehiro Iwata}
}

@article{molopt,
title = {Gaussian basis sets for accurate calculations on molecular systems in gas and condensed phases},
author = {Joost VandeVondele and Jürg Hutter},
journal = {The Journal of Chemical Physics},
volume = {127},
number = {11},
pages = {114105},
year = {2007},
doi = {10.1063/1.2770708},
URL = {http://dx.doi.org/10.1063/1.2770708},
eprint = {http://dx.doi.org/10.1063/1.2770708}
}


@article{kpts,
title = {Special points for Brillouin-zone integrations},
author = {Monkhorst, Hendrik J. and Pack, James D.},
journal = {Phys. Rev. B},
volume = {13},
issue = {12},
pages = {5188-5192},
year = {1976},
month = {Jun},
publisher = {American Physical Society},
doi = {10.1103/PhysRevB.13.5188},
url = {https://link.aps.org/doi/10.1103/PhysRevB.13.5188}
}

                           

@incollection{matrixfunc,
author = {Nicholas J. Highnam},
title = {Techniques for general functions: Taylor series},
booktitle     = {Functions of Matrices, theory of computation},
publisher = {Society for Industrial and Applied Mathematics},
year      = {2008},
address   = {3600 Market Street 6th floor, Philadelphia, PA 19104-2688 USA},
edition   = {1},
isbn      = {9780898717778},
chapter = {4.3},
pages = {76}
}

@incollection{alkhalbook,
author = {D.B. and L. Sirdeshmukh, K.G. Subhadra},
title = {Alkali Halides: a handbook of physical properties},
publisher = {Springer},
edition = {1},
year = {2001},
chapter = {7.3},
isbn = {9783642075780},
pages = {180-181}
}

@article{rittner,
author = {Edmund S. Rittner},
title = {Binding Energy and Dipole Moment of Alkali Halide Molecules},
journal = {The Journal of Chemical Physics},
volume = {19},
number = {8},
pages = {1030-1035},
year = {1951},
doi = {10.1063/1.1748448},
URL = {http://dx.doi.org/10.1063/1.1748448},
eprint = {http://dx.doi.org/10.1063/1.1748448}
}

@article{torring,
author = {T. Törring and S. Biermann and J. Hoeft and R. Mawhorter and R. J. Cave and C. Szemenyei},
title = {The structure of alkali halide dimers: A critical test of ionic models and new ab initio results},
journal = {The Journal of Chemical Physics},
volume = {104},
number = {20},
pages = {8032-8042},
year = {1996},
doi = {10.1063/1.471520},
URL = {http://dx.doi.org/10.1063/1.471520},
eprint = {http://dx.doi.org/10.1063/1.471520}
}

@article{Hstorage,
title = "Nanocrystalline magnesium for hydrogen storage",
journal = "Journal of Alloys and Compounds",
volume = "288",
number = "1",
pages = "217 - 225",
year = "1999",
issn = "0925-8388",
doi = "https://doi.org/10.1016/S0925-8388(99)00073-0",
url = "http://www.sciencedirect.com/science/article/pii/S0925838899000730",
author = "A Zaluska and L Zaluski and J.O Ström–Olsen",
keywords = "Magnesium powders, Ball milling, Hydrogenation"
}





